<?xml version="1.0" encoding="UTF-8"?><collection xmlns="http://www.loc.gov/MARC21/slim"><record><leader>00461nam--2200157-i-4500</leader><controlfield tag="001">000017292</controlfield><controlfield tag="002">20161230</controlfield><controlfield tag="005">20170211142817</controlfield><controlfield tag="008">060222s1000------------r-----000-0-eng-d</controlfield><datafield ind1=" " ind2=" " tag="100"><subfield code="a">Cleveland, Frank</subfield></datafield><datafield ind1=" " ind2=" " tag="245"><subfield code="a">Radiation yearbook nr.25 radiation observations in Resgen, Norway (=60 24 n, =5 19 e, h=45 m), 1989</subfield></datafield><datafield ind1=" " ind2=" " tag="260"><subfield code="a">Bergen</subfield><subfield code="b">Universitat</subfield><subfield code="c">1989</subfield></datafield><datafield ind1=" " ind2=" " tag="300"><subfield code="a">55 p</subfield></datafield><datafield ind1=" " ind2=" " tag="700"><subfield code="a">Tvarberg Hellan, Bente</subfield></datafield><datafield ind1=" " ind2=" " tag="852"><subfield code="a">551.52</subfield></datafield><datafield ind1=" " ind2=" " tag="CAT"><subfield code="a">SYS</subfield><subfield code="c">20170211</subfield><subfield code="h">142817</subfield></datafield></record></collection>